%YAML 1.1
%TAG !u! tag:unity3d.com,2011:
--- !u!114 &705428172
MonoBehaviour:
  m_ObjectHideFlags: 0
  m_CorrespondingSourceObject: {fileID: 0}
  m_PrefabInstance: {fileID: 0}
  m_PrefabAsset: {fileID: 0}
  m_GameObject: {fileID: 7699508383703019473}
  m_Enabled: 0
  m_EditorHideFlags: 0
  m_Script: {fileID: 11500000, guid: 5e74c850fdbbf2b47a1445fc47c678c5, type: 3}
  m_Name: 
  m_EditorClassIdentifier: 
  _targetState: {fileID: 705428174}
  _minDistanceTransition: 1.5
  _distanceTransition: 8
--- !u!114 &705428174
MonoBehaviour:
  m_ObjectHideFlags: 0
  m_CorrespondingSourceObject: {fileID: 0}
  m_PrefabInstance: {fileID: 0}
  m_PrefabAsset: {fileID: 0}
  m_GameObject: {fileID: 7699508383703019473}
  m_Enabled: 0
  m_EditorHideFlags: 0
  m_Script: {fileID: 11500000, guid: 3abfa16e961f0004d97d911f131f880b, type: 3}
  m_Name: 
  m_EditorClassIdentifier: 
  _transition:
  - {fileID: 3869738048440244984}
  - {fileID: 4465290669183694698}
  _delay: 2
  _template: {fileID: 7576700513788389994, guid: 5a0ec6a394701f647a5b3b58cf55245e, type: 3}
  _spawnPoint: {fileID: 4193891058498088115}
--- !u!1001 &8957009036889648634
PrefabInstance:
  m_ObjectHideFlags: 0
  serializedVersion: 2
  m_Modification:
    m_TransformParent: {fileID: 0}
    m_Modifications:
    - target: {fileID: -6062553375061450377, guid: 81ae421ddd1661b49b2ff4047b306b61, type: 3}
      propertyPath: _transition.Array.size
      value: 2
      objectReference: {fileID: 0}
    - target: {fileID: -6062553375061450377, guid: 81ae421ddd1661b49b2ff4047b306b61, type: 3}
      propertyPath: _transition.Array.data[1]
      value: 
      objectReference: {fileID: 705428172}
    - target: {fileID: -6062553375061450377, guid: 81ae421ddd1661b49b2ff4047b306b61, type: 3}
      propertyPath: _delay
      value: 1.5
      objectReference: {fileID: 0}
    - target: {fileID: -6062553375061450377, guid: 81ae421ddd1661b49b2ff4047b306b61, type: 3}
      propertyPath: _timeToPlayAnimation
      value: 0.5
      objectReference: {fileID: 0}
    - target: {fileID: -6062553375061450377, guid: 81ae421ddd1661b49b2ff4047b306b61, type: 3}
      propertyPath: _damage
      value: 2
      objectReference: {fileID: 0}
    - target: {fileID: -4487179005890782576, guid: 81ae421ddd1661b49b2ff4047b306b61, type: 3}
      propertyPath: _distanceTransition
      value: 2
      objectReference: {fileID: 0}
    - target: {fileID: -3892902265578752254, guid: 81ae421ddd1661b49b2ff4047b306b61, type: 3}
      propertyPath: _distanceTransition
      value: 8
      objectReference: {fileID: 0}
    - target: {fileID: -730034134039873968, guid: 81ae421ddd1661b49b2ff4047b306b61, type: 3}
      propertyPath: _transition.Array.size
      value: 2
      objectReference: {fileID: 0}
    - target: {fileID: -730034134039873968, guid: 81ae421ddd1661b49b2ff4047b306b61, type: 3}
      propertyPath: _transition.Array.data[1]
      value: 
      objectReference: {fileID: 705428172}
    - target: {fileID: 1627935093106917908, guid: 81ae421ddd1661b49b2ff4047b306b61, type: 3}
      propertyPath: m_LocalPosition.x
      value: -5.04
      objectReference: {fileID: 0}
    - target: {fileID: 1627935093106917908, guid: 81ae421ddd1661b49b2ff4047b306b61, type: 3}
      propertyPath: m_LocalPosition.y
      value: -3.76
      objectReference: {fileID: 0}
    - target: {fileID: 1627935093106917908, guid: 81ae421ddd1661b49b2ff4047b306b61, type: 3}
      propertyPath: m_LocalPosition.z
      value: 0
      objectReference: {fileID: 0}
    - target: {fileID: 1627935093106917908, guid: 81ae421ddd1661b49b2ff4047b306b61, type: 3}
      propertyPath: m_LocalRotation.x
      value: 0
      objectReference: {fileID: 0}
    - target: {fileID: 1627935093106917908, guid: 81ae421ddd1661b49b2ff4047b306b61, type: 3}
      propertyPath: m_LocalRotation.y
      value: 0
      objectReference: {fileID: 0}
    - target: {fileID: 1627935093106917908, guid: 81ae421ddd1661b49b2ff4047b306b61, type: 3}
      propertyPath: m_LocalRotation.z
      value: 0
      objectReference: {fileID: 0}
    - target: {fileID: 1627935093106917908, guid: 81ae421ddd1661b49b2ff4047b306b61, type: 3}
      propertyPath: m_LocalRotation.w
      value: 1
      objectReference: {fileID: 0}
    - target: {fileID: 1627935093106917908, guid: 81ae421ddd1661b49b2ff4047b306b61, type: 3}
      propertyPath: m_RootOrder
      value: 0
      objectReference: {fileID: 0}
    - target: {fileID: 1627935093106917908, guid: 81ae421ddd1661b49b2ff4047b306b61, type: 3}
      propertyPath: m_LocalEulerAnglesHint.x
      value: 0
      objectReference: {fileID: 0}
    - target: {fileID: 1627935093106917908, guid: 81ae421ddd1661b49b2ff4047b306b61, type: 3}
      propertyPath: m_LocalEulerAnglesHint.y
      value: 0
      objectReference: {fileID: 0}
    - target: {fileID: 1627935093106917908, guid: 81ae421ddd1661b49b2ff4047b306b61, type: 3}
      propertyPath: m_LocalEulerAnglesHint.z
      value: 0
      objectReference: {fileID: 0}
    - target: {fileID: 1627935093106917909, guid: 81ae421ddd1661b49b2ff4047b306b61, type: 3}
      propertyPath: m_Sprite
      value: 
      objectReference: {fileID: 4723107735738678597, guid: 6ac41fe223bc0354abb43cffb5db238e, type: 3}
    - target: {fileID: 1627935093106917909, guid: 81ae421ddd1661b49b2ff4047b306b61, type: 3}
      propertyPath: m_Size.x
      value: 1.32
      objectReference: {fileID: 0}
    - target: {fileID: 1627935093106917909, guid: 81ae421ddd1661b49b2ff4047b306b61, type: 3}
      propertyPath: m_Size.y
      value: 1.44
      objectReference: {fileID: 0}
    - target: {fileID: 1627935093106917909, guid: 81ae421ddd1661b49b2ff4047b306b61, type: 3}
      propertyPath: m_WasSpriteAssigned
      value: 1
      objectReference: {fileID: 0}
    - target: {fileID: 1627935093106917930, guid: 81ae421ddd1661b49b2ff4047b306b61, type: 3}
      propertyPath: m_Controller
      value: 
      objectReference: {fileID: 9100000, guid: a91b50b45439d6549a92c31148560ca0, type: 2}
    - target: {fileID: 1627935093106917931, guid: 81ae421ddd1661b49b2ff4047b306b61, type: 3}
      propertyPath: m_Name
      value: Goblin
      objectReference: {fileID: 0}
    - target: {fileID: 3213034141290159536, guid: 81ae421ddd1661b49b2ff4047b306b61, type: 3}
      propertyPath: m_SpriteTilingProperty.newSize.x
      value: 1.32
      objectReference: {fileID: 0}
    - target: {fileID: 3213034141290159536, guid: 81ae421ddd1661b49b2ff4047b306b61, type: 3}
      propertyPath: m_SpriteTilingProperty.newSize.y
      value: 1.44
      objectReference: {fileID: 0}
    - target: {fileID: 3213034141290159536, guid: 81ae421ddd1661b49b2ff4047b306b61, type: 3}
      propertyPath: m_SpriteTilingProperty.pivot.x
      value: 0.5757576
      objectReference: {fileID: 0}
    - target: {fileID: 3213034141290159536, guid: 81ae421ddd1661b49b2ff4047b306b61, type: 3}
      propertyPath: m_SpriteTilingProperty.pivot.y
      value: 0
      objectReference: {fileID: 0}
    - target: {fileID: 3213034141290159536, guid: 81ae421ddd1661b49b2ff4047b306b61, type: 3}
      propertyPath: m_Offset.x
      value: -0.021594048
      objectReference: {fileID: 0}
    - target: {fileID: 3213034141290159536, guid: 81ae421ddd1661b49b2ff4047b306b61, type: 3}
      propertyPath: m_Offset.y
      value: 0.6641469
      objectReference: {fileID: 0}
    - target: {fileID: 3213034141290159536, guid: 81ae421ddd1661b49b2ff4047b306b61, type: 3}
      propertyPath: m_Size.x
      value: 0.84694767
      objectReference: {fileID: 0}
    - target: {fileID: 3213034141290159536, guid: 81ae421ddd1661b49b2ff4047b306b61, type: 3}
      propertyPath: m_Size.y
      value: 1.3282938
      objectReference: {fileID: 0}
    - target: {fileID: 5079499567904473417, guid: 81ae421ddd1661b49b2ff4047b306b61, type: 3}
      propertyPath: m_LocalPosition.x
      value: 0.546
      objectReference: {fileID: 0}
    - target: {fileID: 5079499567904473417, guid: 81ae421ddd1661b49b2ff4047b306b61, type: 3}
      propertyPath: m_LocalPosition.y
      value: 0.781
      objectReference: {fileID: 0}
    - target: {fileID: 7186214538483254460, guid: 81ae421ddd1661b49b2ff4047b306b61, type: 3}
      propertyPath: eye
      value: 
      objectReference: {fileID: 4193891058498088115}
    - target: {fileID: 7186214538483254460, guid: 81ae421ddd1661b49b2ff4047b306b61, type: 3}
      propertyPath: target
      value: 
      objectReference: {fileID: 0}
    - target: {fileID: 8554564078305146015, guid: 81ae421ddd1661b49b2ff4047b306b61, type: 3}
      propertyPath: m_Name
      value: Hand
      objectReference: {fileID: 0}
    m_RemovedComponents: []
  m_SourcePrefab: {fileID: 100100000, guid: 81ae421ddd1661b49b2ff4047b306b61, type: 3}
--- !u!1 &7699508383703019473 stripped
GameObject:
  m_CorrespondingSourceObject: {fileID: 1627935093106917931, guid: 81ae421ddd1661b49b2ff4047b306b61, type: 3}
  m_PrefabInstance: {fileID: 8957009036889648634}
  m_PrefabAsset: {fileID: 0}
--- !u!114 &3869738048440244984 stripped
MonoBehaviour:
  m_CorrespondingSourceObject: {fileID: -3892902265578752254, guid: 81ae421ddd1661b49b2ff4047b306b61, type: 3}
  m_PrefabInstance: {fileID: 8957009036889648634}
  m_PrefabAsset: {fileID: 0}
  m_GameObject: {fileID: 7699508383703019473}
  m_Enabled: 0
  m_EditorHideFlags: 0
  m_Script: {fileID: 11500000, guid: 4d87953266e3836489be33a4c3d5dce6, type: 3}
  m_Name: 
  m_EditorClassIdentifier: 
--- !u!114 &4465290669183694698 stripped
MonoBehaviour:
  m_CorrespondingSourceObject: {fileID: -4487179005890782576, guid: 81ae421ddd1661b49b2ff4047b306b61, type: 3}
  m_PrefabInstance: {fileID: 8957009036889648634}
  m_PrefabAsset: {fileID: 0}
  m_GameObject: {fileID: 7699508383703019473}
  m_Enabled: 0
  m_EditorHideFlags: 0
  m_Script: {fileID: 11500000, guid: 559f74c5434d04749a2962b1d2750748, type: 3}
  m_Name: 
  m_EditorClassIdentifier: 
--- !u!4 &4193891058498088115 stripped
Transform:
  m_CorrespondingSourceObject: {fileID: 5079499567904473417, guid: 81ae421ddd1661b49b2ff4047b306b61, type: 3}
  m_PrefabInstance: {fileID: 8957009036889648634}
  m_PrefabAsset: {fileID: 0}
